<record><leader>00000cas a22000007a 4500</leader><controlfield tag="001">30598296</controlfield><controlfield tag="008">940613d18711871ctudr ne      0    0eng d</controlfield><datafield ind1=" " ind2=" " tag="010"><subfield code="a">sn 94053098 </subfield></datafield><datafield ind1=" " ind2=" " tag="040"><subfield code="a">CNW</subfield><subfield code="b">eng</subfield><subfield code="c">CNW</subfield><subfield code="d">OCLCQ</subfield><subfield code="d">OCLCO</subfield><subfield code="d">OCLCF</subfield></datafield><datafield ind1="1" ind2=" " tag="029"><subfield code="a">AU@</subfield><subfield code="b">000025871859</subfield></datafield><datafield ind1=" " ind2=" " tag="042"><subfield code="a">msc</subfield></datafield><datafield ind1=" " ind2=" " tag="043"><subfield code="a">n-us-ct</subfield></datafield><datafield ind1="0" ind2="0" tag="245"><subfield code="a">South Norwalk daily sentinel.</subfield></datafield><datafield ind1=" " ind2=" " tag="260"><subfield code="a">South Norwalk, Conn. :</subfield><subfield code="b">South Norwalk Print. Co.</subfield></datafield><datafield ind1=" " ind2=" " tag="300"><subfield code="a">v.</subfield></datafield><datafield ind1=" " ind2=" " tag="310"><subfield code="a">Daily (During the progress of the fair)</subfield></datafield><datafield ind1="0" ind2=" " tag="362"><subfield code="a">Sept. 20, 1871-Sept. 22, 1871.</subfield></datafield><datafield ind1=" " ind2=" " tag="580"><subfield code="a">Weekly ed.: South Norwalk sentinel.</subfield></datafield><datafield ind1=" " ind2="0" tag="651"><subfield code="a">South Norwalk (Norwalk, Conn.)</subfield><subfield code="v">Newspapers.</subfield></datafield><datafield ind1=" " ind2="0" tag="651"><subfield code="a">Norwalk (Conn.)</subfield><subfield code="v">Newspapers.</subfield></datafield><datafield ind1=" " ind2="7" tag="655"><subfield code="a">Newspapers.</subfield><subfield code="2">fast</subfield><subfield code="0">(OCoLC)fst01423814</subfield></datafield><datafield ind1=" " ind2="7" tag="651"><subfield code="a">Connecticut</subfield><subfield code="z">Norwalk.</subfield><subfield code="2">fast</subfield><subfield code="0">(OCoLC)fst01209529</subfield></datafield><datafield ind1=" " ind2="7" tag="651"><subfield code="a">Connecticut</subfield><subfield code="z">Norwalk</subfield><subfield code="z">South Norwalk.</subfield><subfield code="2">fast</subfield><subfield code="0">(OCoLC)fst01319693</subfield></datafield><datafield ind1=" " ind2=" " tag="752"><subfield code="a">United States</subfield><subfield code="b">Connecticut</subfield><subfield code="c">Fairfield</subfield><subfield code="d">South Norwalk.</subfield></datafield><datafield ind1="1" ind2=" " tag="775"><subfield code="t">South Norwalk sentinel</subfield><subfield code="w">(DLC)sn 84022380</subfield><subfield code="w">(OCoLC)10383360</subfield></datafield></record>